@misc{reconpatch,
      title={ReConPatch : Contrastive Patch Representation Learning for Industrial Anomaly Detection}, 
      author={Jeeho Hyun and Sangyun Kim and Giyoung Jeon and Seung Hwan Kim and Kyunghoon Bae and Byung Jun Kang},
      year={2024},
      eprint={2305.16713},
      archivePrefix={arXiv}
      
}

@inproceedings{mvtecad,
  title={MVTec AD--A comprehensive real-world dataset for unsupervised anomaly detection},
  author={Bergmann, Paul and Fauser, Michael and Sattlegger, David and Steger, Carsten},
  booktitle={Proceedings of the IEEE/CVF conference on computer vision and pattern recognition},
  pages={9592--9600},
  year={2019}
}

@misc{patchcore,
      title={Towards Total Recall in Industrial Anomaly Detection}, 
      author={Karsten Roth and Latha Pemula and Joaquin Zepeda and Bernhard Sch√∂lkopf and Thomas Brox and Peter Gehler},
      year={2022},
      eprint={2106.08265},
      archivePrefix={arXiv}
}

@misc{wideresnet,
      title={Wide Residual Networks}, 
      author={Sergey Zagoruyko and Nikos Komodakis},
      year={2017},
      eprint={1605.07146},
      archivePrefix={arXiv}
}